@inproceedings{ahmed2014protibadi,
  title={Protibadi: A platform for fighting sexual harassment in urban Bangladesh},
  author={Ahmed, Syed Ishtiaque and Jackson, Steven J and Ahmed, Nova and Ferdous, Hasan Shahid and Rifat, Md Rashidujjaman and Rizvi, ASM and Ahmed, Shamir and Mansur, Rifat Sabbir},
  booktitle={Proceedings of the SIGCHI Conference on Human Factors in Computing Systems},
  pages={2695--2704},
  year={2014}
}
@inproceedings{ahmed2015learning,
  title={Learning to fix: knowledge, collaboration and mobile phone repair in Dhaka, Bangladesh},
  author={Ahmed, Syed Ishtiaque and Jackson, Steven J and Rifat, Md Rashidujjaman},
  booktitle={Proceedings of the Seventh International Conference on Information and Communication Technologies and Development},
  pages={1--10},
  year={2015}
}
@inproceedings{bardzell2010feminist,
  title={Feminist HCI: taking stock and outlining an agenda for design},
  author={Bardzell, Shaowen},
  booktitle={Proceedings of the SIGCHI conference on human factors in computing systems},
  pages={1301--1310},
  year={2010}
}
@article{bardzelland,
  title={and S. Bardzell. 2013.â€œ},
  author={Bardzell, J},
  journal={What is" Critical" about Critical Design},
  pages={3297--3306}
}
@article{clark2005women,
  title={Women and science careers: leaky pipeline or gender filter?},
  author={Clark Blickenstaff*, Jacob},
  journal={Gender and education},
  volume={17},
  number={4},
  pages={369--386},
  year={2005},
  publisher={Taylor \& Francis}
}
@article{brewerbowei,
  title={Bowei Du, Melissa Ho, Matthew Kam, Sergiu Nedevschi, Joyojeet Pal, Rabin Patra, Sonesh Surana, and Kevin Fall. 2005. The case for technology in developing regions},
  author={Brewer, Eric and Demmer, Michael},
  journal={IEEE Computer Society Report}
}
@article{burrell2010evaluating,
  title={Evaluating Shared Access: social equality and the circulation of mobile phones in rural Uganda},
  author={Burrell, Jenna},
  journal={Journal of computer-mediated communication},
  volume={15},
  number={2},
  pages={230--250},
  year={2010},
  publisher={Oxford University Press Oxford, UK}
}
@book{butler2011bodies,
  title={Bodies that matter: On the discursive limits of sex},
  author={Butler, Judith},
  year={2011},
  publisher={routledge}
}
@article{chen2015computing,
  title={Computing within limits and ICTD},
  author={Chen, Jay},
  journal={First Monday},
  year={2015}
}
@article{chess2015conspiracy,
  title={A conspiracy of fishes, or, how we learned to stop worrying about\# GamerGate and embrace hegemonic masculinity},
  author={Chess, Shira and Shaw, Adrienne},
  journal={Journal of Broadcasting \& Electronic Media},
  volume={59},
  number={1},
  pages={208--220},
  year={2015},
  publisher={Taylor \& Francis}
}
@article{corbin1990grounded,
  title={Grounded theory research: Procedures, canons, and evaluative criteria},
  author={Corbin, Juliet M and Strauss, Anselm},
  journal={Qualitative sociology},
  volume={13},
  number={1},
  pages={3--21},
  year={1990},
  publisher={Springer}
}
@inproceedings{dimond2013hollaback,
  title={Hollaback! The role of storytelling online in a social movement organization},
  author={Dimond, Jill P and Dye, Michaelanne and LaRose, Daphne and Bruckman, Amy S},
  booktitle={Proceedings of the 2013 conference on Computer supported cooperative work},
  pages={477--490},
  year={2013}
}
@article{halder2011cyber,
  title={Cyber gender harassment and secondary victimization: A comparative analysis of the United States, the UK, and India},
  author={Halder, Debarati and Jaishankar, K},
  journal={Victims \& Offenders},
  volume={6},
  number={4},
  pages={386--398},
  year={2011},
  publisher={Taylor \& Francis}
}
@incollection{haraway2006cyborg,
  title={A cyborg manifesto: Science, technology, and socialist-feminism in the late 20th century},
  author={Haraway, Donna},
  booktitle={The international handbook of virtual learning environments},
  pages={117--158},
  year={2006},
  publisher={Springer}
}
@inproceedings{houston2016values,
  title={Values in repair},
  author={Houston, Lara and Jackson, Steven J and Rosner, Daniela K and Ahmed, Syed Ishtiaque and Young, Meg and Kang, Laewoo},
  booktitle={Proceedings of the 2016 CHI conference on human factors in computing systems},
  pages={1403--1414},
  year={2016}
}