@article{nanda2019illumination,
  title={Illumination and scale invariant relevant visual features with hypergraph-based learning for multi-shot person re-identification},
  author={Nanda, Aparajita and Chauhan, Dushyant Singh and Sa, Pankaj K and Bakshi, Sambit},
  journal={Multimedia Tools and Applications},
  volume={78},
  number={4},
  pages={3885--3910},
  year={2019},
  publisher={Springer}
}
@article{soomro2012ucf101,
  title={UCF101: A dataset of 101 human actions classes from videos in the wild},
  author={Soomro, Khurram and Zamir, Amir Roshan and Shah, Mubarak},
  journal={arXiv preprint arXiv:1212.0402},
  year={2012}
}
@article{nanda2017neuromorphic,
  title={A neuromorphic person re-identification framework for video surveillance},
  author={Nanda, Aparajita and Sa, Pankaj Kumar and Choudhury, Suman Kumar and Bakshi, Sambit and Majhi, Banshidhar},
  journal={IEEE Access},
  volume={5},
  pages={6471--6482},
  year={2017},
  publisher={IEEE}
}
@article{aly2013data,
  title={Data dissemination and collection algorithms for collaborative sensor devices using dynamic cluster heads},
  author={Aly, Salah A and Alghamdi, Turki A and Salim, Mohamed and Gutub, Adnan A},
  journal={Trends in Applied Sciences Research},
  volume={8},
  number={2},
  pages={55},
  year={2013},
  publisher={Academic Journals Inc.}
}
@inproceedings{yue2015beyond,
  title={Beyond short snippets: Deep networks for video classification},
  author={Yue-Hei Ng, Joe and Hausknecht, Matthew and Vijayanarasimhan, Sudheendra and Vinyals, Oriol and Monga, Rajat and Toderici, George},
  booktitle={Proceedings of the IEEE conference on computer vision and pattern recognition},
  pages={4694--4702},
  year={2015}
}
@article{lipton2015critical,
  title={A critical review of recurrent neural networks for sequence learning},
  author={Lipton, Zachary C and Berkowitz, John and Elkan, Charles},
  journal={arXiv preprint arXiv:1506.00019},
  year={2015}
}
@article{greff2016lstm,
  title={LSTM: A search space odyssey},
  author={Greff, Klaus and Srivastava, Rupesh K and Koutn{\'\i}k, Jan and Steunebrink, Bas R and Schmidhuber, J{\"u}rgen},
  journal={IEEE transactions on neural networks and learning systems},
  volume={28},
  number={10},
  pages={2222--2232},
  year={2016},
  publisher={IEEE}
}
@article{choudhury2016evaluation,
  title={An evaluation of background subtraction for object detection vis-a-vis mitigating challenging scenarios},
  author={Choudhury, Suman Kumar and Sa, Pankaj Kumar and Bakshi, Sambit and Majhi, Banshidhar},
  journal={IEEE Access},
  volume={4},
  pages={6133--6150},
  year={2016},
  publisher={IEEE}
}
@article{choudhury2017segmenting,
  title={Segmenting foreground objects in a multi-modal background using modified Z-score},
  author={Choudhury, Suman Kumar and Sa, Pankaj Kumar and Choo, Kim-Kwang Raymond and Bakshi, Sambit},
  journal={Journal of Ambient Intelligence and Humanized Computing},
  pages={1--15},
  year={2017},
  publisher={Springer}
}
@article{choudhury2018improved,
  title={Improved pedestrian detection using motion segmentation and silhouette orientation},
  author={Choudhury, Suman Kumar and Sa, Pankaj Kumar and Padhy, Ram Prasad and Sharma, Saurav and Bakshi, Sambit},
  journal={Multimedia Tools and Applications},
  volume={77},
  number={11},
  pages={13075--13114},
  year={2018},
  publisher={Springer}
}
@article{ji20123d,
  title={3D convolutional neural networks for human action recognition},
  author={Ji, Shuiwang and Xu, Wei and Yang, Ming and Yu, Kai},
  journal={IEEE transactions on pattern analysis and machine intelligence},
  volume={35},
  number={1},
  pages={221--231},
  year={2012},
  publisher={IEEE}
}
@inproceedings{karpathy2014large,
  title={Large-scale video classification with convolutional neural networks},
  author={Karpathy, Andrej and Toderici, George and Shetty, Sanketh and Leung, Thomas and Sukthankar, Rahul and Fei-Fei, Li},
  booktitle={Proceedings of the IEEE conference on Computer Vision and Pattern Recognition},
  pages={1725--1732},
  year={2014}
}
@article{simonyan2014two,
  title={Two-stream convolutional networks for action recognition in videos},
  author={Simonyan, Karen and Zisserman, Andrew},
  journal={arXiv preprint arXiv:1406.2199},
  year={2014}
}